<?xml version="1.0" encoding="UTF-8" standalone="yes"?>
<Document xmlns="urn:iso:std:iso:20022:tech:xsd:pacs.008.001.02">
	<FIToFICstmrCdtTrf>
		<GrpHdr>
			<MsgId>HBL20220228A</MsgId>
			<CreDtTm>2022-03-02T18:44:35.920</CreDtTm>
			<NbOfTxs>7</NbOfTxs>
			<TtlIntrBkSttlmAmt Ccy="MVR">68950</TtlIntrBkSttlmAmt>
			<IntrBkSttlmDt>2022-02-28</IntrBkSttlmDt>
			<SttlmInf>
				<SttlmMtd>CLRG</SttlmMtd>
				<ClrSys>
					<Prtry>ACH</Prtry>
				</ClrSys>
			</SttlmInf>
			<InstgAgt>
				<FinInstnId>
					<BIC>HABBMVMV</BIC>
				</FinInstnId>
			</InstgAgt>
		</GrpHdr>
		<CdtTrfTxInf>
			<PmtId>
				<InstrId>HBL</InstrId>
				<EndToEndId>HBL/DC/2022/0291</EndToEndId>
				<TxId>00291</TxId>
			</PmtId>
			<PmtTpInf>
				<SvcLvl>
					<Cd>SEPA</Cd>
				</SvcLvl>
				<CtgyPurp>
					<Prtry>MUN</Prtry>
				</CtgyPurp>
			</PmtTpInf>
			<IntrBkSttlmAmt Ccy="MVR">15700</IntrBkSttlmAmt>
			<ChrgBr>SLEV</ChrgBr>
			<Dbtr>
				<Nm>ATOLL ADVENTURE PVT LTD</Nm>
			</Dbtr>
			<DbtrAcct>
				<Id>
					<IBAN>2050007000028803</IBAN>
				</Id>
			</DbtrAcct>
			<DbtrAgt>
				<FinInstnId>
					<BIC>HABBMVMV</BIC>
				</FinInstnId>
			</DbtrAgt>
			<CdtrAgt>
				<FinInstnId>
					<BIC>MALBMVMV</BIC>
				</FinInstnId>
			</CdtrAgt>
			<Cdtr>
				<Nm>Ahmed Umaru</Nm>
			</Cdtr>
			<CdtrAcct>
				<Id>
					<IBAN>7730000180931</IBAN>
				</Id>
			</CdtrAcct>
			<RmtInf>
				<Ustrd>SALARY FOR FEB 2022</Ustrd>
			</RmtInf>
		</CdtTrfTxInf>
		<CdtTrfTxInf>
			<PmtId>
				<InstrId>HBL</InstrId>
				<EndToEndId>HBL/DC/2022/0292</EndToEndId>
				<TxId>00292</TxId>
			</PmtId>
			<PmtTpInf>
				<SvcLvl>
					<Cd>SEPA</Cd>
				</SvcLvl>
				<CtgyPurp>
					<Prtry>MUN</Prtry>
				</CtgyPurp>
			</PmtTpInf>
			<IntrBkSttlmAmt Ccy="MVR">12450</IntrBkSttlmAmt>
			<ChrgBr>SLEV</ChrgBr>
			<Dbtr>
				<Nm>ATOLL ADVENTURE PVT LTD</Nm>
			</Dbtr>
			<DbtrAcct>
				<Id>
					<IBAN>2050007000028803</IBAN>
				</Id>
			</DbtrAcct>
			<DbtrAgt>
				<FinInstnId>
					<BIC>HABBMVMV</BIC>
				</FinInstnId>
			</DbtrAgt>
			<CdtrAgt>
				<FinInstnId>
					<BIC>MALBMVMV</BIC>
				</FinInstnId>
			</CdtrAgt>
			<Cdtr>
				<Nm>Haroon Hussain</Nm>
			</Cdtr>
			<CdtrAcct>
				<Id>
					<IBAN>7730000180462</IBAN>
				</Id>
			</CdtrAcct>
			<RmtInf>
				<Ustrd>SALARY FOR FEB 2022</Ustrd>
			</RmtInf>
		</CdtTrfTxInf>
		<CdtTrfTxInf>
			<PmtId>
				<InstrId>HBL</InstrId>
				<EndToEndId>HBL/DC/2022/0293</EndToEndId>
				<TxId>00293</TxId>
			</PmtId>
			<PmtTpInf>
				<SvcLvl>
					<Cd>SEPA</Cd>
				</SvcLvl>
				<CtgyPurp>
					<Prtry>MUN</Prtry>
				</CtgyPurp>
			</PmtTpInf>
			<IntrBkSttlmAmt Ccy="MVR">9950</IntrBkSttlmAmt>
			<ChrgBr>SLEV</ChrgBr>
			<Dbtr>
				<Nm>ATOLL ADVENTURE PVT LTD</Nm>
			</Dbtr>
			<DbtrAcct>
				<Id>
					<IBAN>2050007000028803</IBAN>
				</Id>
			</DbtrAcct>
			<DbtrAgt>
				<FinInstnId>
					<BIC>HABBMVMV</BIC>
				</FinInstnId>
			</DbtrAgt>
			<CdtrAgt>
				<FinInstnId>
					<BIC>MALBMVMV</BIC>
				</FinInstnId>
			</CdtrAgt>
			<Cdtr>
				<Nm>Mohamed Ali</Nm>
			</Cdtr>
			<CdtrAcct>
				<Id>
					<IBAN>7730000180933</IBAN>
				</Id>
			</CdtrAcct>
			<RmtInf>
				<Ustrd>SALARY FOR FEB 2022</Ustrd>
			</RmtInf>
		</CdtTrfTxInf>
		<CdtTrfTxInf>
			<PmtId>
				<InstrId>HBL</InstrId>
				<EndToEndId>HBL/DC/2022/0294</EndToEndId>
				<TxId>00294</TxId>
			</PmtId>
			<PmtTpInf>
				<SvcLvl>
					<Cd>SEPA</Cd>
				</SvcLvl>
				<CtgyPurp>
					<Prtry>MUN</Prtry>
				</CtgyPurp>
			</PmtTpInf>
			<IntrBkSttlmAmt Ccy="MVR">7450</IntrBkSttlmAmt>
			<ChrgBr>SLEV</ChrgBr>
			<Dbtr>
				<Nm>ATOLL ADVENTURE PVT LTD</Nm>
			</Dbtr>
			<DbtrAcct>
				<Id>
					<IBAN>2050007000028803</IBAN>
				</Id>
			</DbtrAcct>
			<DbtrAgt>
				<FinInstnId>
					<BIC>HABBMVMV</BIC>
				</FinInstnId>
			</DbtrAgt>
			<CdtrAgt>
				<FinInstnId>
					<BIC>MALBMVMV</BIC>
				</FinInstnId>
			</CdtrAgt>
			<Cdtr>
				<Nm>Salim Shareef</Nm>
			</Cdtr>
			<CdtrAcct>
				<Id>
					<IBAN>7730000186911</IBAN>
				</Id>
			</CdtrAcct>
			<RmtInf>
				<Ustrd>SALARY FOR FEB 2022</Ustrd>
			</RmtInf>
		</CdtTrfTxInf>
		<CdtTrfTxInf>
			<PmtId>
				<InstrId>HBL</InstrId>
				<EndToEndId>HBL/DC/2022/0295</EndToEndId>
				<TxId>00295</TxId>
			</PmtId>
			<PmtTpInf>
				<SvcLvl>
					<Cd>SEPA</Cd>
				</SvcLvl>
				<CtgyPurp>
					<Prtry>MUN</Prtry>
				</CtgyPurp>
			</PmtTpInf>
			<IntrBkSttlmAmt Ccy="MVR">8950</IntrBkSttlmAmt>
			<ChrgBr>SLEV</ChrgBr>
			<Dbtr>
				<Nm>ATOLL ADVENTURE PVT LTD</Nm>
			</Dbtr>
			<DbtrAcct>
				<Id>
					<IBAN>2050007000028803</IBAN>
				</Id>
			</DbtrAcct>
			<DbtrAgt>
				<FinInstnId>
					<BIC>HABBMVMV</BIC>
				</FinInstnId>
			</DbtrAgt>
			<CdtrAgt>
				<FinInstnId>
					<BIC>MALBMVMV</BIC>
				</FinInstnId>
			</CdtrAgt>
			<Cdtr>
				<Nm>Ismail Ahmed</Nm>
			</Cdtr>
			<CdtrAcct>
				<Id>
					<IBAN>7701174987101</IBAN>
				</Id>
			</CdtrAcct>
			<RmtInf>
				<Ustrd>SALARY FOR FEB 2022</Ustrd>
			</RmtInf>
		</CdtTrfTxInf>
		<CdtTrfTxInf>
			<PmtId>
				<InstrId>HBL</InstrId>
				<EndToEndId>HBL/DC/2022/0296</EndToEndId>
				<TxId>00296</TxId>
			</PmtId>
			<PmtTpInf>
				<SvcLvl>
					<Cd>SEPA</Cd>
				</SvcLvl>
				<CtgyPurp>
					<Prtry>MUN</Prtry>
				</CtgyPurp>
			</PmtTpInf>
			<IntrBkSttlmAmt Ccy="MVR">8000</IntrBkSttlmAmt>
			<ChrgBr>SLEV</ChrgBr>
			<Dbtr>
				<Nm>ATOLL ADVENTURE PVT LTD</Nm>
			</Dbtr>
			<DbtrAcct>
				<Id>
					<IBAN>2050007000028803</IBAN>
				</Id>
			</DbtrAcct>
			<DbtrAgt>
				<FinInstnId>
					<BIC>HABBMVMV</BIC>
				</FinInstnId>
			</DbtrAgt>
			<CdtrAgt>
				<FinInstnId>
					<BIC>MADVMVMV</BIC>
				</FinInstnId>
			</CdtrAgt>
			<Cdtr>
				<Nm>Javeed Shareef</Nm>
			</Cdtr>
			<CdtrAcct>
				<Id>
					<IBAN>90103100988901000</IBAN>
				</Id>
			</CdtrAcct>
			<RmtInf>
				<Ustrd>SALARY FOR FEB 2022</Ustrd>
			</RmtInf>
		</CdtTrfTxInf>
		<CdtTrfTxInf>
			<PmtId>
				<InstrId>HBL</InstrId>
				<EndToEndId>HBL/DC/2022/0297</EndToEndId>
				<TxId>00297</TxId>
			</PmtId>
			<PmtTpInf>
				<SvcLvl>
					<Cd>SEPA</Cd>
				</SvcLvl>
				<CtgyPurp>
					<Prtry>MUN</Prtry>
				</CtgyPurp>
			</PmtTpInf>
			<IntrBkSttlmAmt Ccy="MVR">6450</IntrBkSttlmAmt>
			<ChrgBr>SLEV</ChrgBr>
			<Dbtr>
				<Nm>ATOLL ADVENTURE PVT LTD</Nm>
			</Dbtr>
			<DbtrAcct>
				<Id>
					<IBAN>2050007000028803</IBAN>
				</Id>
			</DbtrAcct>
			<DbtrAgt>
				<FinInstnId>
					<BIC>HABBMVMV</BIC>
				</FinInstnId>
			</DbtrAgt>
			<CdtrAgt>
				<FinInstnId>
					<BIC>MALBMVMV</BIC>
				</FinInstnId>
			</CdtrAgt>
			<Cdtr>
				<Nm>Mohamed Shaif</Nm>
			</Cdtr>
			<CdtrAcct>
				<Id>
					<IBAN>7730000030249</IBAN>
				</Id>
			</CdtrAcct>
			<RmtInf>
				<Ustrd>SALARY FOR FEB 2022</Ustrd>
			</RmtInf>
		</CdtTrfTxInf>
	</FIToFICstmrCdtTrf>
</Document>